
@misc{snlredoks,
    title = {Titrimetri},
    author = {Grethe Wibetoe},
    year = {2018},
    howpublished = {\url{https://snl.no/titrimetri}},
    note = {Hentet 04.10.2018\EatDot}
}

@misc{snljodometri,
    title = {Jodometri},
    author = {Jacobsen, Einar.},
    year = {2018},
    howpublished = {\url{https://snl.no/jodometri}},
    note = {Hentet 04.10.2018\EatDot}
}

@misc{snljod,
    title = {Jod},
    author = {Haraldsen, Haakon \& Pedersen, Bjørn.},
    year = {2018},
    howpublished = {\url{https://snl.no/jod}},
    note = {Hentet 04.10.2018\EatDot}
}

@misc{snljodoksosyrer,
    title = {Jodoksosyrer},
    author = {Pedersen, Bjørn.},
    year = {2018},
    howpublished = {\url{https://snl.no/jodoksosyrer}},
    note = {Hentet 04.10.2018\EatDot}
}

@misc{snljodimetri,
    title = {Jodimetri},
    author = {Jacobsen, Einar.},
    year = {2018},
    howpublished = {\url{https://snl.no/jodimetri}},
    note = {Hentet 04.10.2018\EatDot}
}

@misc{snlCO2,
    title = {Karbondioksid},
    author = {Haraldsen, Haakon \& Pedersen, Bjørn.},
    year = {2018},
    howpublished = {\url{https://snl.no/karbondioksid}},
    note = {Hentet 04.10.2018\EatDot}
}

@misc{snlkompleks,
    title = {{Kalibrering}},
    author = {Hofstad, Knut \& Halbo, Leif},
    year = {2018},
    howpublished = {\url{https://snl.no/kompleksometri}},
	note = {Hentet 26.09.2018\EatDot}
}

@book{analyticalchem2014,
  title={Skoog and West's Fundamentals of Analytical Chemistry},
  author={Skoog, D.A and West, D.M and Holler, F.J and Crouch, S.R},
  year={2014},
  publisher={Cengage Learing},
  note={\EatDot}
}

@misc{snlkalibrering,
    title = {{Kalibrering}},
    author = {Hofstad, Knut \& Halbo, Leif},
    year = {2018},
    howpublished = {\url{https://snl.no/kalibrering}},
	note = {Hentet 19.09.2018\EatDot}
}

@misc{snlusikkerhet,
    title = {{Måleusikkerhet}},
    author = {Hofstad, Knut},
    year = {2014},
    howpublished = {\url{https://snl.no/m%C3%A5leusikkerhet}},
	note = {Hentet 19.09.2018\EatDot}
}

@book{raymond2013general,
  title={General Chemistry: The Essential Concepts},
  author={Raymond Chang, D. and Kenneth Goldsby, P.},
  lccn={2012018233},
  year={2013},
  publisher={McGraw-Hill Education},
  note={s. 440-447\EatDot}
}

@book{harwood1999experimental,
  title={Experimental Organic Chemistry: Standard and Microscale},
  author={Harwood, L.M. and Moody, C.J. and Percy, J.M.},
  lccn={98013113},
  year={1999},
  publisher={Wiley},
  note={s. 165-171\EatDot}
}

@book{tro2011chemistry,
  title={Chemistry: A Molecular Approach},
  author={Tro, N.J.},
  lccn={2009020236},
  year={2011},
  publisher={Pearson Prentice Hall},
  note={s. 531\EatDot}
}
@book{raymond2013general2nd,
  title={General Chemistry: The Essential Concepts},
  author={Raymond Chang, D. and Kenneth Goldsby, P.},
  lccn={2012018233},
  year={2013},
  publisher={McGraw-Hill Education},
  note={s. 427-429\EatDot}
}

@book{harwood1999experimental2nd,
  title={Experimental Organic Chemistry: Standard and Microscale},
  author={Harwood, L.M. and Moody, C.J. and Percy, J.M.},
  lccn={98013113},
  year={1999},
  publisher={Wiley},
  note={s. 131-136\EatDot}
}

@book{SI,
	Author = {Blackman, Allan G.},
	Edition = {7th},
	Publisher = {Wiley},
	Title = {Aylward and Findlay's SI chemical data},
	Year = {2014\EatDot}
}


@book{CRC,
  title={CRC handbook of chemistry and physics},
  edition={95th},
  author={Haynes, W.},
  lccn={2012018233},
  year={\textbf{2014}},
  publisher={CRC Press},
  address={Boca Raton},
  note={Physical constants of organic compounds\EatDot}
}

@book{OrganicChemistry,
    Title = {Solomons´ Organic Chemistry},
    Author = {{Solomons Graham, T.W., Fryhle B. Craig, Snyder A. Scott}},
    Edition = {12th},
    Publisher = {Wiley}, 
    Year = {2016},
    Note = {s. 856-859\EatDot}
}

@book{Azeo,
    Title = {Azeotropic Data II - ACS Publications},
    Author = {Tamplin, WS.},
    year = {\textbf{1973}},
    publisher = {DC},
    address = {Washington},
    Note = {\EatDot}
}
@misc{Photochrom,
    title = {New insights on the photochromism of 2-(2,4-Dinitrobenzyl)pyridine},
    author = {{Corval A., Casalegno R., Ziane O. \& Burrows H. D.}},
    year = {2002},
    howpublished = {\url{https://pubs.acs.org/doi/pdf/10.1021/jp0140825}},
    note = {Hentet 07.04.2018\EatDot}
}
@misc{PhotochromJapan,
    title = {Photochromism -Fundamentals and Applications},
    author = {{Masahiro Irie}},
    howpublished = {\url{http://www.icmr.ucsb.edu/programs/archive/documents/Irie1.pdf}},
    note = {Hentet 08.04.2018\EatDot}
}
@misc{pyridin,
    title = {The reaction mechanism of the nitration of pyridine compounds by N2O5–NaHSO3},
    author = {{Jan M. Bakke, Harald Svensen and Eli Ranes}},
    year = {1998},
    howpublished = {\url{http://pubs.rsc.org/en/Content/ArticlePDF/1998/P2/a804259d}},
    note = {Hentet 07.04.2018\EatDot}
}