@book{raymond2013general,
  title={General Chemistry: The Essential Concepts},
  author={Raymond Chang, D. and Kenneth Goldsby, P.},
  lccn={2012018233},
  year={2013},
  publisher={McGraw-Hill Education},
  note={s. 440-447\EatDot}
}

@book{harwood1999experimental,
  title={Experimental Organic Chemistry: Standard and Microscale},
  author={Harwood, L.M. and Moody, C.J. and Percy, J.M.},
  lccn={98013113},
  year={1999},
  publisher={Wiley},
  note={s. 131-136\EatDot}
}

@book{tro2011chemistry,
  title={Chemistry: A Molecular Approach},
  author={Tro, N.J.},
  lccn={2009020236},
  year={2011},
  publisher={Pearson Prentice Hall},
  note={s. 531\EatDot}
}
@book{raymond2013general2nd,
  title={General Chemistry: The Essential Concepts},
  author={Raymond Chang, D. and Kenneth Goldsby, P.},
  lccn={2012018233},
  year={2013},
  publisher={McGraw-Hill Education},
  note={s. 427-429\EatDot}
}

@book{harwood1999experimental2nd,
  title={Experimental Organic Chemistry: Standard and Microscale},
  author={Harwood, L.M. and Moody, C.J. and Percy, J.M.},
  lccn={98013113},
  year={1999},
  publisher={Wiley},
  note={s. 131-136\EatDot}
}

@misc{snl,
    title = {{Eutektisk Blanding}},
    author = {Andersen, Per \& Fjellv√•g, Helmer},
    year ={2009},
    howpublished = {\url{https://snl.no/eutektisk_blanding}},
	note = {Hentet 11.09.2017\EatDot}
}
@book{SI,
	Author = {Blackman, Allan G.},
	Edition = {7th},
	Publisher = {Wiley},
	Title = {Aylward and Findlay's SI chemical data},
	Year = {2014\EatDot}
}
