

@book{harwood1999experimental,
  title={Experimental organic chemistry: standard and microscale},
  edition={7th},
  author={Harwood, L. M. and Moody, CJ and Percy, J M},
  lccn={98013113},
  year={\textbf{1999}},
  publisher={Wiley},
  address={Oxford},
  note={s. 131-136\EatDot}
}
@book{raymond2013general2nd,
  title={General chemistry: The essential concepts},
  edition={2nd},
  author={Raymond Chang, D. and Kenneth Goldsby, P.},
  lccn={2012018233},
  year={\textbf{2014}},
  publisher={McGraw-Hill Education},
  address={New York},
  note={s. 423-424\EatDot}
}
@book{CRC,
  title={CRC handbook of chemistry and physics},
  edition={95th},
  author={Haynes, W.},
  lccn={2012018233},
  year={\textbf{2014}},
  publisher={CRC Press},
  address={Boca Raton},
  note={Physical constants of organic compounds\EatDot}
}


